 
  @misc{ wiki:fscore,
   author = "Wikipedia",
   title = "F1 score --- Wikipedia{,} The Free Encyclopedia",
   year = "2016",
   url = "\url{https://en.wikipedia.org/w/index.php?title=F1_score&oldid=703225135}",
   note = "[Online; accessed 5-April-2016]"
 }
 
  @misc{ wiki:pandr,
   author = "Wikipedia",
   title = "Precision and recall --- Wikipedia{,} The Free Encyclopedia",
   year = "2016",
   url = "\url{https://en.wikipedia.org/w/index.php?title=Precision_and_recall&oldid=704896315}",
   note = "[Online; accessed 5-April-2016]"
 }